@inproceedings{stella2003multiclass,
  title={Multiclass spectral clustering},
  author={Stella, X Yu and Shi, Jianbo},
  booktitle={null},
  pages={313},
  year={2003},
  organization={IEEE}
}

@article{kim2017learning,
  title={Learning to discover cross-domain relations with generative adversarial networks},
  author={Kim, Taeksoo and Cha, Moonsu and Kim, Hyunsoo and Lee, Jung Kwon and Kim, Jiwon},
  journal={arXiv preprint arXiv:1703.05192},
  year={2017}
}

@article{zhu2017unpaired,
  title={Unpaired image-to-image translation using cycle-consistent adversarial networks},
  author={Zhu, Jun-Yan and Park, Taesung and Isola, Phillip and Efros, Alexei A},
  journal={arXiv preprint},
  year={2017}
}

@article{kingma2014adam,
  title={Adam: A method for stochastic optimization},
  author={Kingma, Diederik P and Ba, Jimmy},
  journal={arXiv preprint arXiv:1412.6980},
  year={2014}
}

@article{isola2017image,
  title={Image-to-image translation with conditional adversarial networks},
  author={Isola, Phillip and Zhu, Jun-Yan and Zhou, Tinghui and Efros, Alexei A},
  journal={arXiv preprint},
  year={2017}
}
@article{DBLP:journals/corr/RonnebergerFB15,
  author    = {Olaf Ronneberger and
               Philipp Fischer and
               Thomas Brox},
  title     = {U-Net: Convolutional Networks for Biomedical Image Segmentation},
  journal   = {CoRR},
  volume    = {abs/1505.04597},
  year      = {2015},
  url       = {http://arxiv.org/abs/1505.04597},
  archivePrefix = {arXiv},
  eprint    = {1505.04597},
  timestamp = {Mon, 13 Aug 2018 16:46:52 +0200},
  biburl    = {https://dblp.org/rec/bib/journals/corr/RonnebergerFB15},
  bibsource = {dblp computer science bibliography, https://dblp.org}
}
@article{beigpour2014multi,
  title={Multi-illuminant estimation with conditional random fields},
  author={Beigpour, Shida and Riess, Christian and Van De Weijer, Joost and Angelopoulou, Elli},
  journal={IEEE Transactions on Image Processing},
  volume={23},
  number={1},
  pages={83--96},
  year={2014},
  publisher={Citeseer}
}
@inproceedings{riess2011illuminant,
  title={Illuminant color estimation for real-world mixed-illuminant scenes},
  author={Riess, Christian and Eibenberger, Eva and Angelopoulou, Elli},
  booktitle={Computer Vision Workshops (ICCV Workshops), 2011 IEEE International Conference on},
  pages={782--789},
  year={2011},
  organization={IEEE}
}
@article{gijsenij2012color,
  title={Color constancy for multiple light sources},
  author={Gijsenij, Arjan and Lu, Rui and Gevers, Theo},
  journal={IEEE Transactions on Image Processing},
  volume={21},
  number={2},
  pages={697--707},
  year={2012},
  publisher={IEEE}
}
@inproceedings{lou2015color,
  title={Color Constancy by Deep Learning.},
  author={Lou, Zhongyu and Gevers, Theo and Hu, Ninghang and Lucassen, Marcel P and others},
  booktitle={BMVC},
  pages={76--1},
  year={2015}
}

@article{bianco2015single,
  title={Single and Multiple Illuminant Estimation Using Convolutional Neural Networks},
  author={Bianco, Simone and Cusano, Claudio and Schettini, Raimondo},
  journal={arXiv preprint arXiv:1508.00998},
  year={2015}
}

@inproceedings{battiato2012instant,
  title={Instant scene recognition on mobile platform},
  author={Battiato, Sebastiano and Farinella, Giovanni Maria and Guarnera, Mirko and Rav{\`\i}, Daniele and Tomaselli, Valeria},
  booktitle={European Conference on Computer Vision},
  pages={655--658},
  year={2012},
  organization={Springer}
}

@inproceedings{funt2010rehabilitation,
  title={The rehabilitation of maxrgb},
  author={Funt, Brian and Shi, Lilong},
  booktitle={Color and imaging conference},
  volume={2010},
  number={1},
  pages={256--259},
  year={2010},
  organization={Society for Imaging Science and Technology}
}
@article{banic2013using,
  title={Using the random sprays Retinex algorithm for global illumination estimation},
  author={Bani{\'c}, Nikola and Lon{\v{c}}ari{\'c}, Sven},
  journal={arXiv preprint arXiv:1310.0307},
  year={2013}
}

@inproceedings{khalil2015color,
  title={Color constancy models inspired by human visual system: Survey paper},
  author={Khalil, Mohammed and Li, Jian-Ping and Kumar, Kamlesh and Tang, Xiao-Long and Kuang, Ping},
  booktitle={Wavelet Active Media Technology and Information Processing (ICCWAMTIP), 2015 12th International Computer Conference on},
  pages={432--435},
  year={2015},
  organization={IEEE}
}
@inproceedings{khalil2015biologically,
  title={Biologically inspired color perception},
  author={Khalil, Mohammed and Li, Jian-Ping and Mustafa, Nadir},
  booktitle={Wavelet Active Media Technology and Information Processing (ICCWAMTIP), 2015 12th International Computer Conference on},
  pages={198--201},
  year={2015},
  organization={IEEE}
}


@inproceedings{joze2012role,
  title={The role of bright pixels in illumination estimation},
  author={Joze, Hamid Reza Vaezi and Drew, Mark S and Finlayson, Graham D and Rey, Perla Aurora Troncoso},
  booktitle={Color and Imaging Conference},
  volume={2012},
  number={1},
  pages={41--46},
  year={2012},
  organization={Society for Imaging Science and Technology}
}
@article{gijsenij2011color,
  title={Color constancy using natural image statistics and scene semantics},
  author={Gijsenij, Arjan and Gevers, Theo},
  journal={IEEE Transactions on Pattern Analysis and Machine Intelligence},
  volume={33},
  number={4},
  pages={687--698},
  year={2011},
  publisher={IEEE}
}


@article{buchsbaum1980spatial,
  title={A spatial processor model for object colour perception},
  author={Buchsbaum, Gershon},
  journal={Journal of the Franklin institute},
  volume={310},
  number={1},
  pages={1--26},
  year={1980},
  publisher={Elsevier}
}
@article{chakrabarti2012color,
  title={Color constancy with spatio-spectral statistics},
  author={Chakrabarti, Ayan and Hirakawa, Keigo and Zickler, Todd},
  journal={IEEE Transactions on Pattern Analysis and Machine Intelligence},
  volume={34},
  number={8},
  pages={1509--1519},
  year={2012},
  publisher={IEEE}
}
@article{cheng2014illuminant,
  title={Illuminant estimation for color constancy: why spatial-domain methods work and the role of the color distribution},
  author={Cheng, Dongliang and Prasad, Dilip K and Brown, Michael S},
  journal={JOSA A},
  volume={31},
  number={5},
  pages={1049--1058},
  year={2014},
  publisher={Optical Society of America}
}
@article{joze2014exemplar,
  title={Exemplar-based color constancy and multiple illumination},
  author={Joze, Hamid Reza Vaezi and Drew, Mark S},
  journal={IEEE transactions on pattern analysis and machine intelligence},
  volume={36},
  number={5},
  pages={860--873},
  year={2014},
  publisher={IEEE}
}


@inproceedings{gehler2008bayesian,
  title={Bayesian color constancy revisited},
  author={Gehler, Peter Vincent and Rother, Carsten and Blake, Andrew and Minka, Tom and Sharp, Toby},
  booktitle={Computer Vision and Pattern Recognition, 2008. CVPR 2008. IEEE Conference on},
  pages={1--8},
  year={2008},
  organization={IEEE}
}
@article{barnard2002comparison,
  title={A comparison of computational color constancy algorithms. I: Methodology and experiments with synthesized data},
  author={Barnard, Kobus and Cardei, Vlad and Funt, Brian},
  journal={IEEE transactions on Image Processing},
  volume={11},
  number={9},
  pages={972--984},
  year={2002},
  publisher={IEEE}
}
@inproceedings{banic2014improving,
  title={Improving the white patch method by subsampling},
  author={Bani{\'c}, Nikola and Lon{\v{c}}ari{\'c}, Sven},
  booktitle={Image Processing (ICIP), 2014 IEEE International Conference on},
  pages={605--609},
  year={2014},
  organization={IEEE}
}


@inproceedings{finlayson2004shades,
  title={Shades of gray and colour constancy},
  author={Finlayson, Graham D and Trezzi, Elisabetta},
  booktitle={Color and Imaging Conference},
  volume={2004},
  number={1},
  pages={37--41},
  year={2004},
  organization={Society for Imaging Science and Technology}
}
@article{gijsenij2012improving,
  title={Improving color constancy by photometric edge weighting},
  author={Gijsenij, Arjan and Gevers, Theo and Van De Weijer, Joost},
  journal={IEEE Transactions on Pattern Analysis and Machine Intelligence},
  volume={34},
  number={5},
  pages={918--929},
  year={2012},
  publisher={IEEE}
}
@inproceedings{van2007using,
  title={Using high-level visual information for color constancy},
  author={Van De Weijer, Joost and Schmid, Cordelia and Verbeek, Jakob},
  booktitle={Computer Vision, 2007. ICCV 2007. IEEE 11th International Conference on},
  pages={1--8},
  year={2007},
  organization={IEEE}
}

@article{van2007edge,
  title={Edge-based color constancy},
  author={Van De Weijer, Joost and Gevers, Theo and Gijsenij, Arjan},
  journal={IEEE Transactions on image processing},
  volume={16},
  number={9},
  pages={2207--2214},
  year={2007},
  publisher={IEEE}
}

@inproceedings{barnard2000improvements,
  title={Improvements to gamut mapping colour constancy algorithms},
  author={Barnard, Kobus},
  booktitle={European conference on computer vision},
  pages={390--403},
  year={2000},
  organization={Springer}
}


@article{brainard1986analysis,
  title={Analysis of the retinex theory of color vision},
  author={Brainard, David H and Wandell, Brian A},
  journal={JOSA A},
  volume={3},
  number={10},
  pages={1651--1661},
  year={1986},
  publisher={Optical Society of America}
}

@inproceedings{shi2016deep,
  title={Deep specialized network for illuminant estimation},
  author={Shi, Wu and Loy, Chen Change and Tang, Xiaoou},
  booktitle={European Conference on Computer Vision},
  pages={371--387},
  year={2016},
  organization={Springer}
}

@inproceedings{hu2017fc,
  title={FC 4: Fully Convolutional Color Constancy with Confidence-weighted Pooling},
  author={Hu, Yuanming and Wang, Baoyuan and Lin, Stephen},
  booktitle={Proceedings of the IEEE Conference on Computer Vision and Pattern Recognition},
  pages={4085--4094},
  year={2017}
}
@inproceedings{finlayson2013corrected,
  title={Corrected-moment illuminant estimation},
  author={Finlayson, Graham D},
  booktitle={Proceedings of the IEEE International Conference on Computer Vision},
  pages={1904--1911},
  year={2013}
}

@inproceedings{cheng2015effective,
  title={Effective learning-based illuminant estimation using simple features},
  author={Cheng, Dongliang and Price, Brian and Cohen, Scott and Brown, Michael S},
  booktitle={Proceedings of the IEEE Conference on Computer Vision and Pattern Recognition},
  pages={1000--1008},
  year={2015}
}
@inproceedings{barron2015convolutional,
  title={Convolutional color constancy},
  author={Barron, Jonathan T},
  booktitle={Proceedings of the IEEE International Conference on Computer Vision},
  pages={379--387},
  year={2015}
}

@inproceedings{bianco2015color,
  title={Color constancy using CNNs},
  author={Bianco, Simone and Cusano, Claudio and Schettini, Raimondo},
  booktitle={Proceedings of the IEEE Conference on Computer Vision and Pattern Recognition Workshops},
  pages={81--89},
  year={2015}
}

@article{DBLP:journals/corr/BarronT16,
  author    = {Jonathan T. Barron and
               Yun{-}Ta Tsai},
  title     = {Fast Fourier Color Constancy},
  journal   = {CoRR},
  volume    = {abs/1611.07596},
  year      = {2016},
  url       = {http://arxiv.org/abs/1611.07596},
  archivePrefix = {arXiv},
  eprint    = {1611.07596},
  timestamp = {Mon, 13 Aug 2018 16:46:56 +0200},
  biburl    = {https://dblp.org/rec/bib/journals/corr/BarronT16},
  bibsource = {dblp computer science bibliography, https://dblp.org}
}

@article{DBLP:journals/corr/abs-1712-02327,
  author    = {Ben Mildenhall and
               Jonathan T. Barron and
               Jiawen Chen and
               Dillon Sharlet and
               Ren Ng and
               Robert Carroll},
  title     = {Burst Denoising with Kernel Prediction Networks},
  journal   = {CoRR},
  volume    = {abs/1712.02327},
  year      = {2017},
  url       = {http://arxiv.org/abs/1712.02327},
  archivePrefix = {arXiv},
  eprint    = {1712.02327},
  timestamp = {Mon, 13 Aug 2018 16:46:17 +0200},
  biburl    = {https://dblp.org/rec/bib/journals/corr/abs-1712-02327},
  bibsource = {dblp computer science bibliography, https://dblp.org}
}

@article{DBLP:journals/corr/Barron15,
  author    = {Jonathan T. Barron},
  title     = {Convolutional Color Constancy},
  journal   = {CoRR},
  volume    = {abs/1507.00410},
  year      = {2015},
  url       = {http://arxiv.org/abs/1507.00410},
  archivePrefix = {arXiv},
  eprint    = {1507.00410},
  timestamp = {Mon, 13 Aug 2018 16:49:11 +0200},
  biburl    = {https://dblp.org/rec/bib/journals/corr/Barron15},
  bibsource = {dblp computer science bibliography, https://dblp.org}
}
@inproceedings{banic2015color,
  title={Color Dog-Guiding the Global Illumination Estimation to Better Accuracy.},
  author={Banic, Nikola and Loncaric, Sven},
  booktitle={VISAPP (1)},
  pages={129--135},
  year={2015}
}

@inproceedings{banic2015using,
  title={Using the red chromaticity for illumination estimation},
  author={Bani{\'c}, Nikola and Lon{\v{c}}ari{\'c}, Sven},
  booktitle={Image and Signal Processing and Analysis (ISPA), 2015 9th International Symposium on},
  pages={131--136},
  year={2015},
  organization={IEEE}
}

@article{DBLP:journals/corr/abs-1802-00776,
  author    = {Nikola Banic and
               Sven Loncaric},
  title     = {Green Stability Assumption: Unsupervised Learning for Statistics-Based
               Illumination Estimation},
  journal   = {CoRR},
  volume    = {abs/1802.00776},
  year      = {2018},
  url       = {http://arxiv.org/abs/1802.00776},
  archivePrefix = {arXiv},
  eprint    = {1802.00776},
  timestamp = {Mon, 13 Aug 2018 16:48:07 +0200},
  biburl    = {https://dblp.org/rec/bib/journals/corr/abs-1802-00776},
  bibsource = {dblp computer science bibliography, https://dblp.org}
}

@article{DBLP:journals/corr/abs-1712-00436,
  author    = {Nikola Banic and
               Sven Loncaric},
  title     = {Unsupervised Learning for Color Constancy},
  journal   = {CoRR},
  volume    = {abs/1712.00436},
  year      = {2017},
  url       = {http://arxiv.org/abs/1712.00436},
  archivePrefix = {arXiv},
  eprint    = {1712.00436},
  timestamp = {Mon, 13 Aug 2018 16:47:53 +0200},
  biburl    = {https://dblp.org/rec/bib/journals/corr/abs-1712-00436},
  bibsource = {dblp computer science bibliography, https://dblp.org}
}
@article{DBLP:journals/corr/AbadiABBCCCDDDG16,
  author    = {Mart{\'{\i}}n Abadi and
               Ashish Agarwal and
               Paul Barham and
               Eugene Brevdo and
               Zhifeng Chen and
               Craig Citro and
               Gregory S. Corrado and
               Andy Davis and
               Jeffrey Dean and
               Matthieu Devin and
               Sanjay Ghemawat and
               Ian J. Goodfellow and
               Andrew Harp and
               Geoffrey Irving and
               Michael Isard and
               Yangqing Jia and
               Rafal J{\'{o}}zefowicz and
               Lukasz Kaiser and
               Manjunath Kudlur and
               Josh Levenberg and
               Dan Man{\'{e}} and
               Rajat Monga and
               Sherry Moore and
               Derek Gordon Murray and
               Chris Olah and
               Mike Schuster and
               Jonathon Shlens and
               Benoit Steiner and
               Ilya Sutskever and
               Kunal Talwar and
               Paul A. Tucker and
               Vincent Vanhoucke and
               Vijay Vasudevan and
               Fernanda B. Vi{\'{e}}gas and
               Oriol Vinyals and
               Pete Warden and
               Martin Wattenberg and
               Martin Wicke and
               Yuan Yu and
               Xiaoqiang Zheng},
  title     = {TensorFlow: Large-Scale Machine Learning on Heterogeneous Distributed
               Systems},
  journal   = {CoRR},
  volume    = {abs/1603.04467},
  year      = {2016},
  url       = {http://arxiv.org/abs/1603.04467},
  archivePrefix = {arXiv},
  eprint    = {1603.04467},
  timestamp = {Mon, 13 Aug 2018 16:47:09 +0200},
  biburl    = {https://dblp.org/rec/bib/journals/corr/AbadiABBCCCDDDG16},
  bibsource = {dblp computer science bibliography, https://dblp.org}
}

@article{nelder1965simplex,
  title={A simplex method for function minimization},
  author={Nelder, John A and Mead, Roger},
  journal={The computer journal},
  volume={7},
  number={4},
  pages={308--313},
  year={1965},
  publisher={Oxford University Press}
}
